@inproceedings{Elliot09BeautifulDifferentiation,
 author = {Elliott, Conal M.},
 title = {Beautiful differentiation},
 booktitle = {ICFP '09: Proceedings of the 14th ACM SIGPLAN international conference on Functional programming},
 year = {2009},
 isbn = {978-1-60558-332-7},
 pages = {191--202},
 location = {Edinburgh, Scotland},
 doi = {http://doi.acm.org/10.1145/1596550.1596579},
 publisher = {ACM},
 address = {New York, NY, USA},
 }

@INPROCEEDINGS{Minamide96typedclosure,
    author = {Yasuhiko Minamide and Greg Morrisett and Robert Harper},
    title = {Typed Closure Conversion},
    booktitle = {In Twenty-Third ACM Symposium on Principles of Programming Languages},
    year = {1996},
    pages = {271--283},
    publisher = {ACM Press}
}

@INPROCEEDINGS{Reynolds98definitionalinterpreters,
    author = {John C. Reynolds and In Late and Jean Sammet and Burt Leavenworth and Art Evans},
    title = {Definitional interpreters revisited},
    booktitle = {Higher-Order and Symbolic Computation},
    year = {1998},
    pages = {355--361}
}

@inproceedings{Wadler90ComprehendingMonads,
 author = {Wadler, Philip},
 title = {Comprehending monads},
 booktitle = {LFP '90: Proceedings of the 1990 ACM conference on LISP and functional programming},
 year = {1990},
 isbn = {0-89791-368-X},
 pages = {61--78},
 location = {Nice, France},
 doi = {http://doi.acm.org/10.1145/91556.91592},
 publisher = {ACM},
 address = {New York, NY, USA},
 }

@inproceedings{Higuchi02JavaBytecode,
 author = {Higuchi, Tomoyuki and Ohori, Atsushi},
 title = {Java bytecode as a typed term calculus},
 booktitle = {PPDP '02: Proceedings of the 4th ACM SIGPLAN international conference on Principles and practice of declarative programming},
 year = {2002},
 isbn = {1-58113-528-9},
 pages = {201--211},
 location = {Pittsburgh, PA, USA},
 doi = {http://doi.acm.org/10.1145/571157.571178},
 publisher = {ACM},
 address = {New York, NY, USA},
 }

@article{Ohori07ProofTheory,
 author = {Ohori, Atsushi},
 title = {A proof theory for machine code},
 journal = {ACM Trans. Program. Lang. Syst.},
 volume = {29},
 number = {6},
 year = {2007},
 issn = {0164-0925},
 pages = {36},
 doi = {http://doi.acm.org/10.1145/1286821.1286827},
 publisher = {ACM},
 address = {New York, NY, USA},
 }

@inproceedings{Morris73Advice,
 author = {Morris, F. Lockwood},
 title = {Advice on structuring compilers and proving them correct},
 booktitle = {POPL '73: Proceedings of the 1st annual ACM SIGACT-SIGPLAN symposium on Principles of programming languages},
 year = {1973},
 pages = {144--152},
 location = {Boston, Massachusetts},
 doi = {http://doi.acm.org/10.1145/512927.512941},
 publisher = {ACM},
 address = {New York, NY, USA},
 }

@inproceedings{Baars09TypedTransformations,
 author = {Baars, Arthur I. and Swierstra, S. Doaitse and Viera, Marcos},
 title = {Typed transformations of typed abstract syntax},
 booktitle = {TLDI '09: Proceedings of the 4th international workshop on Types in language design and implementation},
 year = {2009},
 isbn = {978-1-60558-420-1},
 pages = {15--26},
 location = {Savannah, GA, USA},
 doi = {http://doi.acm.org/10.1145/1481861.1481865},
 publisher = {ACM},
 address = {New York, NY, USA},
 }

@unpublished{Chlipala10SyntaticProofs,
  author = {Chlipala, Adam},
  title = {Syntactic Proofs of Compositional Compiler Correctness},
  year = {2010},
  url = {http://adam.chlipala.net/tmp/compose.pdf},
  note = {Submitted draft}
}

@unpublished{Chlipala10CertifiedProgramming,
  author = {Chlipala, Adam},
 url = {http://adam.chlipala.net/cpdt/},
 title = {Certified Programming with Dependent Types}, 
 year = {2010},
 note = {Book in progress.}
}

@inproceedings{Felleisen08TypedScheme,
 author = {Tobin-Hochstadt, Sam and Felleisen, Matthias},
 title = {The Design and Implementation of Typed Scheme},
 booktitle = {POPL '08: Proceedings of the 35th Annual ACM SIGPLAN-SIGACT Symposium on Principles of Programming Languages},
 year = {2008},
 isbn = {978-1-59593-689-9},
 pages = {395--406},
 location = {San Francisco, California, USA},
 doi = {http://doi.acm.org/10.1145/1328438.1328486},
 publisher = {ACM},
 address = {New York, NY, USA},
 }

@inproceedings{Launchbury94Lazy,
 author = {Launchbury, John and Peyton Jones, Simon L.},
 title = {Lazy functional state threads},
 booktitle = {PLDI '94: Proceedings of the ACM SIGPLAN 1994 conference on Programming language design and implementation},
 year = {1994},
 isbn = {0-89791-662-X},
 pages = {24--35},
 location = {Orlando, Florida, United States},
 doi = {http://doi.acm.org/10.1145/178243.178246},
 publisher = {ACM},
 address = {New York, NY, USA},
 }

@unpublished{Myreen10Verified,
  author = {Magnus O. Myreen},
  title = {Verified Just-In-Time Compiler on x86},
  url = {http://www.cl.cam.ac.uk/~mom22/},
  note = {Accepted at POPL '10}
}

@thesis{Myreen09Formal,
  author = {Magnus O. Myreen},
  title = {Formal verification of machine-code programs.},
  university = {University of Cambridge},
  year = {2008}
}

@inproceedings{Chlipala07Certified,
 author = {Chlipala, Adam},
 title = {A certified type-preserving compiler from lambda calculus to assembly language},
 booktitle = {PLDI '07: Proceedings of the 2007 ACM SIGPLAN Conference on Programming Language Design and Implementation},
 year = {2007},
 isbn = {978-1-59593-633-2},
 pages = {54--65},
 location = {San Diego, California, USA},
 doi = {http://doi.acm.org/10.1145/1250734.1250742},
 publisher = {ACM},
 address = {New York, NY, USA},
 }
 
@article{Dave03Compiler,
 author = {Dave, Maulik A.},
 title = {Compiler verification: a bibliography},
 journal = {SIGSOFT Softw. Eng. Notes},
 volume = {28},
 number = {6},
 year = {2003},
 issn = {0163-5948},
 pages = {2--2},
 doi = {http://doi.acm.org/10.1145/966221.966235},
 publisher = {ACM},
 address = {New York, NY, USA},
 }

@article{Hoare69Axiomatic,
 author = {Hoare, C. A. R.},
 title = {An axiomatic basis for computer programming},
 journal = {Commun. ACM},
 volume = {12},
 number = {10},
 year = {1969},
 issn = {0001-0782},
 pages = {576--580},
 doi = {http://doi.acm.org/10.1145/363235.363259},
 publisher = {ACM},
 address = {New York, NY, USA},
 }

@inproceedings{Myreen09Extensible,
 author = {Myreen, Magnus O. and Slind, Konrad and Gordon, Michael J.},
 title = {Extensible Proof-Producing Compilation},
 booktitle = {CC '09: Proceedings of the 18th International Conference on Compiler Construction},
 year = {2009},
 isbn = {978-3-642-00721-7},
 pages = {2--16},
 location = {York, UK},
 doi = {http://dx.doi.org/10.1007/978-3-642-00722-4_2},
 publisher = {Springer-Verlag},
 address = {Berlin, Heidelberg},
 }

@inproceedings{Myreen08Machine,
 author = {Myreen, Magnus O. and Gordon, Michael J. C. and Slind, Konrad},
 title = {Machine-code verification for multiple architectures: an application of decompilation into logic},
 booktitle = {FMCAD '08: Proceedings of the 2008 International Conference on Formal Methods in Computer-Aided Design},
 year = {2008},
 isbn = {978-1-4244-2735-2},
 pages = {1--8},
 location = {Portland, Oregon},
 publisher = {IEEE Press},
 address = {Piscataway, NJ, USA},
 }

@inproceedings{Kennedy07Compiling,
 author = {Kennedy, Andrew},
 title = {Compiling with continuations, continued},
 booktitle = {ICFP '07: Proceedings of the 12th ACM SIGPLAN international conference on Functional programming},
 year = {2007},
 isbn = {978-1-59593-815-2},
 pages = {177--190},
 location = {Freiburg, Germany},
 doi = {http://doi.acm.org/10.1145/1291151.1291179},
 publisher = {ACM},
 address = {New York, NY, USA},
 }

@article{TOLMACH98FromML,
author = {Tolmach,Andrew and Oliva,Dino P.},
title = {From ML to Ada: Strongly-typed language  interoperability via source translation},
journal = {Journal of Functional Programming},
volume = {8},
number = {04},
pages = {367-412},
year = {1998},
doi = {10.1017/S0956796898003086},
URL = {http://journals.cambridge.org/action/displayAbstract?fromPage=online&aid=44181&fulltextType=RA&fileId=S0956796898003086},
eprint = {http://journals.cambridge.org/article_S0956796898003086},
}
