@inproceedings{Kildall1973,
 author = {Kildall, Gary A.},
 title = {A {U}nified {A}pproach to {G}lobal {P}rogram {O}ptimization},
 booktitle = {{P}roceedings of the 1st {A}nnual ACM SIGACT-SIGPLAN {S}ymposium on Principles of {P}rogramming {L}anguages},
 series = {POPL '73},
 year = {1973},
 location = {Boston, Massachusetts},
 pages = {194--206},
 numpages = {13},
 publisher = {ACM},
}
@book{Aho2006,
 author = {Aho, Alfred V. and Lam, Monica S. and Sethi, Ravi and Ullman, Jeffrey D.},
 title = {Compilers: Principles, Techniques, and Tools (2nd Edition)},
 year = {2006},
 publisher = {Addison-Wesley Longman Publishing Co., Inc.},
 address = {Boston, MA},
} 
@inproceedings{Wadler1990,
 author = {Wadler, Philip},
 title = {Comprehending {M}onads},
 booktitle = {Proceedings of the 1990 {ACM} {C}onference on {LISP} and {F}unctional {P}rogramming},
 series = {LFP '90},
 year = {1990},
 location = {Nice, France},
 pages = {61--78},
 numpages = {18},
 publisher = {ACM},
} 
@book{Torczon2007,
 author = {Torczon, Linda and Cooper, Keith},
 title = {Engineering A Compiler},
 year = {2007},
 edition = {2nd},
 publisher = {Morgan Kaufmann Publishers Inc.},
 address = {San Francisco, CA},
} 
@book{Muchnick1998,
 author = {Muchnick, Steven S.},
 title = {Advanced compiler design and implementation},
 year = {1997},
 publisher = {Morgan Kaufmann Publishers Inc.},
 address = {San Francisco, CA},
} 
@inproceedings{Flanagan1993,
 author = {Flanagan, Cormac and Sabry, Amr and Duba, Bruce F. and Felleisen, Matthias},
 title = {The {E}ssence of {C}ompiling with {C}ontinuations},
 booktitle = {Proceedings of the ACM SIGPLAN 1993 {C}onference on Programming {L}anguage {D}esign and {I}mplementation},
 series = {PLDI '93},
 year = {1993},
 location = {Albuquerque, New Mexico},
 pages = {237--247},
 numpages = {11},
 publisher = {ACM},
} 
@book{Appel2003,
 author = {Appel, Andrew W. and Palsberg, Jens},
 title = {Modern Compiler Implementation in Java},
 year = {2003},
 edition = {2nd},
 publisher = {Cambridge University Press},
 address = {New York, NY},
}
@Misc{Hoopl-3.8.7.0,
  author = {Ramsey, Norman and Dias, {Jo\~ao} and Peyton Jones, Simon},
  title = {HOOPL},
  url = {http://hackage.haskell.org/package/hoopl-3.8.7.0},
  year = {2011},
  month = {03},
  version = {3.8.7.0},
  subtype = {program},
}
@inproceedings{Lerner2002,
 author = {Lerner, Sorin and Grove, David and Chambers, Craig},
 title = {{C}omposing {D}ataflow {A}nalyses and {T}ransformations},
 booktitle = {{P}roceedings of the 29th {ACM} SIGPLAN-SIGACT {S}ymposium on {P}rinciples of {P}rogramming {L}anguages},
 series = {{POPL} '02},
 year = {2002},
 location = {Portland, Oregon},
 pages = {270--282},
 numpages = {13},
 publisher = {ACM},
} 
@inproceedings{Ramsey2010,
 author = {Ramsey, Norman and Dias, {Jo\~ao} and Peyton Jones, Simon},
 title = {Hoopl: a {M}odular, {R}eusable {L}ibrary for {D}ataflow {A}nalysis and {T}ransformation},
 booktitle = {Proceedings of the {T}hird ACM {H}askell {S}ymposium on {H}askell},
 series = {Haskell '10},
 year = {2010},
 location = {Baltimore, Maryland},
 pages = {121--134},
 numpages = {14},
 publisher = {ACM},
} 
@Misc{GHCManual,
  author = {{The GHC Team}},
  title = {{GHC} 7.2 User's Manual},
  url = {http://www.haskell.org/ghc/docs/7.2.2/html/users_guide},
  year = {2011},
  month = {08},
} 
@Misc{GHC-7.2.1,
  author = {{The GHC Team}},
  title = {The Glasgow Haskell Compiler},
  url = {http://www.haskell.org/ghc/},
  year = {2011},
  month = {08},
}
@report{Habit2010,
  title = {The Habit Programming Language: The Revised Preliminary Report},
  author = {Jones, Mark P.},
  url = {http://hasp.cs.pdx.edu/habit-report-Nov2010.pdf},
  year = {2010},
  month = {11},
}
@report{HabitComp2010,
  title = {A Habit Compilation Strategy},
  author = {Jones, Mark P.},
  publisher = {Available privately.},
  year = {2010},
  month = {11},
}
@inproceedings{KennedyCont,
 author = {Kennedy, Andrew},
 title = {Compiling with Continuations, Continued},
 booktitle = {Proceedings of the 12th ACM SIGPLAN International Conference on Functional Programming},
 series = {ICFP '07},
 year = {2007},
 location = {Freiburg, Germany},
 pages = {177--190},
 numpages = {14},
 publisher = {ACM},
}
@inproceedings{Schrijvers2009,
 author = {Schrijvers, Tom and Peyton Jones, Simon and Sulzmann, Martin and Vytiniotis, Dimitrios},
 title = {Complete and decidable type inference for GADTs},
 booktitle = {Proceedings of the 14th ACM SIGPLAN international conference on Functional programming},
 series = {ICFP '09},
 year = {2009},
 location = {Edinburgh, Scotland},
 pages = {341--352},
 numpages = {12},
 publisher = {ACM},
} 
@article{Whalley1994,
 author = {Whalley, David B.},
 title = {Automatic Isolation of Compiler Errors},
 journal = {ACM Transactions on Programming Languages and Systems},
 issue_date = {Sept. 1994},
 volume = {16},
 issue = {5},
 month = {09},
 year = {1994},
 pages = {1648--1659},
 numpages = {12},
 publisher = {ACM},
 address = {New York, NY},
} 